<?xml version="1.0" encoding="UTF-8"?><collection xmlns="http://www.loc.gov/MARC21/slim"><record><leader>00514nam--2200133-i-4500</leader><controlfield tag="001">000034030</controlfield><controlfield tag="002">20161230</controlfield><controlfield tag="005">20161230201039</controlfield><controlfield tag="008">060222s1000------------r-----000-0-eng-d</controlfield><datafield ind1=" " ind2=" " tag="080"><subfield code="a">546(043)</subfield></datafield><datafield ind1=" " ind2=" " tag="100"><subfield code="a">Muller, Maurice</subfield></datafield><datafield ind1=" " ind2=" " tag="245"><subfield code="a">Evolution de la coordinence et de la condensation du niobium (v) et du tantale (v) dans les niobates et tantalates de sodium, dans les oxothioanions, et dans les complexes chelates oxaliques et pyrocatecholiques. these</subfield></datafield><datafield ind1=" " ind2=" " tag="260"><subfield code="a">Strasbourg, Universite, 1970, 136p</subfield></datafield><datafield ind1=" " ind2=" " tag="852"><subfield code="a">77088</subfield></datafield></record></collection>